@article{itpm,
       author = {{Naldi}, Giovanni and {Mattana}, Andrea and {Pastore}, Sandro and {Alderighi}, Monica and {Zarb Adami}, Kristian and {Schillir{\`o}}, Francesco and {Aminaei}, Amin and {Baker}, Jeremy and {Belli}, Carolina and {Comoretto}, Gianni and {Chiarucci}, Simone and {Chiello}, Riccardo and {D'Angelo}, Sergio and {Dalle Mura}, Gabriele and {De Marco}, Andrea and {Halsall}, Rob and {Magro}, Alessio and {Monari}, Jader and {Roberts}, Matt and {Perini}, Federico and {Poloni}, Marco and {Pupillo}, Giuseppe and {Rusticelli}, Simone and {Schiaffino}, Marco and {Zaccaro}, Emanuele},
        title = "{The Digital Signal Processing Platform for the Low Frequency Aperture Array: Preliminary Results on the Data Acquisition Unit}",
      journal = {Journal of Astronomical Instrumentation},
         year = 2017,
        month = mar,
       volume = {6},
       number = {1},
          eid = {1641014},
        pages = {1641014},
}