@article{itpm,
       author = {{Naldi}, Giovanni and {Mattana}, Andrea and {Pastore}, Sandro and {Alderighi}, Monica and {Zarb Adami}, Kristian and {Schillir{\`o}}, Francesco and {Aminaei}, Amin and {Baker}, Jeremy and {Belli}, Carolina and {Comoretto}, Gianni and {Chiarucci}, Simone and {Chiello}, Riccardo and {D'Angelo}, Sergio and {Dalle Mura}, Gabriele and {De Marco}, Andrea and {Halsall}, Rob and {Magro}, Alessio and {Monari}, Jader and {Roberts}, Matt and {Perini}, Federico and {Poloni}, Marco and {Pupillo}, Giuseppe and {Rusticelli}, Simone and {Schiaffino}, Marco and {Zaccaro}, Emanuele},
        title = "{The Digital Signal Processing Platform for the Low Frequency Aperture Array: Preliminary Results on the Data Acquisition Unit}",
      journal = {Journal of Astronomical Instrumentation},
         year = 2017,
        month = mar,
       volume = {6},
       number = {1},
        pages = {1641014},
}

@article{meys,
    author={Meys, R.P.},
    journal={IEEE Transactions on Microwave Theory and Techniques}, 
    title={A Wave Approach to the Noise Properties of Linear Microwave Devices}, 
    year={1978},
    volume={26},
    number={1},
    pages={34-37},
}

@article{penfield,
    author = {Penfield, P.},
    title = {Wave Representation of Amplifier Noise},
    journal = {IRE Transactions on Circuit Theory},
    vol = {9},
    issue = {1},
    month = {March},
    year = {1962},
    pages = {84-86},
    doi = {10.1109/TCT.1962.1086866},
}

@article{bauer_rothe,
    author = {{Bauer}, H. and {Rothe}, H.},
    title = {Der \"aquivalente Rauschiverpol als Wellenvierpol},
    journal = {Arch elekt. \"Ubertragung},
    vol = {10},
    pages = {241-252},
    month = {June},
    year = {1956},
    notes = {in German},
}

@article{rothe_dahlke,
    author = {{Rothe}, H. and {Dahlke}, W.},
    title = {Theory of Noisy Fourpoles},
    journal = {Proceedings of the IRE},
    volume = {44},
    issue = {6},
    pages = {811-818},
    month = {June},
    year = {1956},
}

@article{rogersCal,
    author = {{Rogers}, Alan E.~E. and {Bowman}, Judd D.},
    title = "{Absolute calibration of a wideband antenna and spectrometer for accurate sky noise temperature measurements}",
    journal = {Radio Science},
    year = 2012,
    month = aug,
    volume = {47},
    number = {4},
    pages = {RS0K06},
}

@article{edgesCal,
    author = {{Monsalve}, Raul A. and {Rogers}, Alan E.~E. and {Bowman}, Judd D. and {Mozdzen}, Thomas J.},
    title = "{Calibration of the EDGES High-band Receiver to Observe the Global 21 cm Signature from the Epoch of Reionization}",
    journal = {The Astrophysical Journal},
    year = 2017,
    month = jan,
    volume = {835},
    number = {1},
    pages = {49},
}

@article{edgesNature,
    author = {{Bowman}, Judd D. and {Rogers}, Alan E.~E. and {Monsalve}, Raul A. and {Mozdzen}, Thomas J. and {Mahesh}, Nivedita},
    title = "{An absorption profile centred at 78 megahertz in the sky-averaged spectrum}",
    journal = {Nature},
    year = 2018,
    month = mar,
    volume = {555},
    number = {7694},
    pages = {67-70},
}

@article{edges_limits,
    author = {{Bowman}, Judd D. and {Rogers}, Alan E.~E.},
    title = {A lower limit of {$\Delta z > 0.06$} for the duration of the reionization
epoch},
    journal = {Nature},
    volumne = {468},
    issue = {7325},
    pages = {796-798},
    year = {2010},
}

@article{dom,
    author = {{Anstey}, Dominic and {de Lera Acedo}, Eloy and {Handley}, Will},
    title = "{A general Bayesian framework for foreground modelling and chromaticity correction for global 21 cm experiments}",
    journal = {Monthly Notices of the Royal Astronomical Society},
    year = 2021,
    month = sep,
    volume = {506},
    number = {2},
    pages = {2041-2058},
    doi = {10.1093/mnras/stab1765},
}

@article{dickeplus,
    title = {The Measurement of Thermal Radiation at Microwave Frequencies},
    author = {Dicke, R. H},
    year = {1946},
    journal = {Review of Scientific Instruments},
    volume = {17},
    pages = {268},
}

@article{lofarCal,
    author = {{Bilous, A. V.} and {Kondratiev, V. I.} and {Kramer, M.} and {Keane, E. F.} and {Hessels, J. W. T.} and {Stappers, B. W.} and {Malofeev, V. M.} and {Sobey, C.} and {Breton, R. P.} and {Cooper, S.} and {Falcke, H.} and {Karastergiou, A.} and {Michilli, D.} and {Oslowski, S.} and {Sanidas, S.} and {ter Veen, S.} and {van Leeuwen, J.} and {Verbiest, J. P. W.} and {Weltevrede, P.} and {Zarka, P.} and {Grie\ss{}meier, J.-M.} and {Serylak, M.} and {Bell, M. E.} and {Broderick, J. W.} and {Eisl\"offel, J.} and {Markoff, S.} and {Rowlinson, A.}},
    title = {A LOFAR census of non-recycled pulsars: average profiles, dispersion measures, flux densities, and spectra},
    DOI= "10.1051/0004-6361/201527702",
    journal = {Astronomy \& Astrophysics},
    year = 2016,
    volume = 591,
    pages = "A134",
}

@unpublished{banerjee,
    title = {Bayesian Linear Model: Gory Details},
    author = {Sudipto Banerjee},
    year = {2009},
    note = {Online},
    url = {http://www.biostat.umn.edu/~ph7440/pubh7440/BayesianLinearModelGoryDetails.pdf},
}

@phdthesis{nagel,
    title={Bayesian techniques for inverse uncertainty quantification},
    author={Nagel, Joseph Benjamin},
    year={2017},
    school = {ETH Zurich},
}

@unpublished{orloff,
    title = {Conjugate priors: Beta and normal},
    author = {Jeremy Orloff and Jonathan Bloom},
    year = {2013},
    note={Online},
    url = {https://math.mit.edu/~dav/05.dir/class15-prep.pdf}
}

@article{trotta,
    author = {{Trotta}, Roberto},
    title = "{Bayes in the sky: Bayesian inference and model selection in cosmology}",
    journal = {Contemporary Physics},
    year = 2008,
    month = mar,
    volume = {49},
    number = {2},
    pages = {71-104},
    doi = {10.1080/00107510802066753},
}

@article{spline,
    title = {A fast compact algorithm for cubic spline smoothing},
    author = {Weinert, Howard L.},
    year = {2009},
    journal = {Computational Statistics and Data Analysis},
    volume = {53},
    number = {4},
    pages = {932-940},
}

@article{fgx,
    author = {{Handley}, Will},
    title = {fgivenx: A Python package for functional posterior plotting},
    journal = {The Journal of Open Source Software},
    year = 2018,
    month = aug,
    volume = {3},
    number = {28},
    pages = {849},
}

@book{pozar,
    title = {Microwave Engineering},
    author = {Pozar, David M.},
    year = {2012},
    publisher = {John Wiley \& Sons},
    address = {New York}
}

@article{murray_calpap,
    author = {Murray, Steven G and Bowman, Judd D and Sims, Peter H and Mahesh, Nivedita and Rogers, Alan E E and Monsalve, Raul A and Samson, Titu and Vydula, Akshatha Konakondula},
    title = "{A Bayesian calibration framework for EDGES}",
    journal = {Monthly Notices of the Royal Astronomical Society},
    volume = {517},
    number = {2},
    pages = {2264-2284},
    year = {2022},
    month = {09},
    issn = {0035-8711},
}

@article{21cm_dm,
    author = {{Loeb}, Abraham and {Zaldarriaga}, Matias},
    title = "{Measuring the Small-Scale Power Spectrum of Cosmic Density Fluctuations through 21cm Tomography Prior to the Epoch of Structure Formation}",
    journal = {Physical Review Letters},
    year = 2004,
    month = may,
    volume = {92},
    number = {21},
    pages = {211301},
}

@inproceedings{furlanetto_ast,
    author = {{Furlanetto}, Steven R. and {Lidz}, Adam and {Loeb}, Abraham and {McQuinn}, Matthew and {Pritchard}, Jonathan R. and {Alvarez}, Marcelo A. and {Backer}, Donald C. and {Bowman}, Judd D. and {Burns}, Jack O. and {Carilli}, Chris L. and {Cen}, Renyue and {Cooray}, Asantha and {Gnedin}, Nickolay and {Greenhill}, Lincoln J. and {Haiman}, Zoltan and {Hewitt}, Jacqueline N. and {Hirata}, Christopher M. and {Lazio}, Joseph and {Mesinger}, Andrei and {Madau}, Piero and {Morales}, Miguel F. and {Oh}, S. Peng and {Peterson}, Jeffrey B. and {Pihlstr{\"o}m}, Ylva M. and {Shapiro}, Paul R. and {Tegmark}, Max and {Trac}, Hy and {Zahn}, Oliver and {Zaldarriaga}, Matias},
    title = "{Astrophysics from the Highly-Redshifted 21 cm Line}",
    booktitle = {astro2010: The Astronomy and Astrophysics Decadal Survey},
    year = 2009,
    volume = {2010},
    month = jan,
    pages = {83},
}

@article{21cm_inflation,
    author = {{Bowman}, Judd D. and {Morales}, Miguel F. and {Hewitt}, Jacqueline N.},
    title = "{Constraints on Fundamental Cosmological Parameters with Upcoming Redshifted 21 cm Observations}",
    journal = {The Astrophysical Journal},
    year = 2007,
    month = may,
    volume = {661},
    number = {1},
    pages = {1-9},
}

@article{21cm_curvature,
    author = {{Mao}, Yi and {Tegmark}, Max and {McQuinn}, Matthew and {Zaldarriaga}, Matias and {Zahn}, Oliver},
    title = "{How accurately can 21cm tomography constrain cosmology?}",
    journal = {Physical Review D},
    year = 2008,
    month = jul,
    volume = {78},
    number = {2},
    pages = {023529},
}

@book{decade_survey,
    title = {Pathways to Discovery in Astronomy and Astrophysics for the 2020s},
    author = {{National Academy of Sciences}},
    year = 2021,
    publisher = {The National Academies Press},
    address = {Washington D.C.},
    pages = {65-66},
    doi = {doi:10.17226/26141}
}

@article{edges,
    author = {{Mozdzen}, T.~J. and {Bowman}, J.~D. and {Monsalve}, R.~A. and {Rogers}, A.~E.~E.},
    title = "{Limits on foreground subtraction from chromatic beam effects in global redshifted 21 cm measurements}",
    journal = {Monthly Notices of the Royal Astronomical Society},
    year = 2016,
    month = feb,
    volume = {455},
    number = {4},
    pages = {3890-3900},
}

@article{hera,
    author = {{DeBoer}, David R. and {Parsons}, Aaron R. and {Aguirre}, James E. and {Alexander}, Paul and {Ali}, Zaki S. and {Beardsley}, Adam P. and {Bernardi}, Gianni and {Bowman}, Judd D. and {Bradley}, Richard F. and {Carilli}, Chris L. and {Cheng}, Carina and {de Lera Acedo}, Eloy and {Dillon}, Joshua S. and {Ewall-Wice}, Aaron and {Fadana}, Gcobisa and {Fagnoni}, Nicolas and {Fritz}, Randall and {Furlanetto}, Steve R. and {Glendenning}, Brian and {Greig}, Bradley and {Grobbelaar}, Jasper and {Hazelton}, Bryna J. and {Hewitt}, Jacqueline N. and {Hickish}, Jack and {Jacobs}, Daniel C. and {Julius}, Austin and {Kariseb}, MacCalvin and {Kohn}, Saul A. and {Lekalake}, Telalo and {Liu}, Adrian and {Loots}, Anita and {MacMahon}, David and {Malan}, Lourence and {Malgas}, Cresshim and {Maree}, Matthys and {Martinot}, Zachary and {Mathison}, Nathan and {Matsetela}, Eunice and {Mesinger}, Andrei and {Morales}, Miguel F. and {Neben}, Abraham R. and {Patra}, Nipanjana and {Pieterse}, Samantha and {Pober}, Jonathan C. and {Razavi-Ghods}, Nima and {Ringuette}, Jon and {Robnett}, James and {Rosie}, Kathryn and {Sell}, Raddwine and {Smith}, Craig and {Syce}, Angelo and {Tegmark}, Max and {Thyagarajan}, Nithyanandan and {Williams}, Peter K.~G. and {Zheng}, Haoxuan},
    title = "{Hydrogen Epoch of Reionization Array (HERA)}",
    journal = {Publications of the Astronomical Society of the Pacific},
    year = 2017,
    month = apr,
    volume = {129},
    number = {974},
    pages = {045001},
}

@article{ska,
    author = {{Dewdney}, P.~E. and {Hall}, P.~J. and {Schilizzi}, R.~T. and {Lazio}, T.~J.~L.~W.},
    title = "{The Square Kilometre Array}",
    journal = {IEEE Proceedings},
    year = 2009,
    month = aug,
    volume = {97},
    number = {8},
    pages = {1482-1496},
}

@article{foregrounds,
    author = {{Shaver}, P.~A. and {Windhorst}, R.~A. and {Madau}, P. and {de Bruyn}, A.~G.},
    title = "{Can the reionization epoch be detected as a global signature in the cosmic background?}",
    journal = {Astronomy and Astrophysics},
    year = 1999,
    month = may,
    volume = {345},
    pages = {380-390},
}

@article{reach,
    author = {{de Lera Acedo}, E. and {de Villiers}, D.~I.~L. and {Razavi-Ghods}, N. and {Handley}, W. and {Fialkov}, A. and {Magro}, A. and {Anstey}, D. and {Bevins}, H.~T.~J. and {Chiello}, R. and {Cumner}, J. and {Josaitis}, A.~T. and {Roque}, I.~L.~V. and {Sims}, P.~H. and {Scheutwinkel}, K.~H. and {Alexander}, P. and {Bernardi}, G. and {Carey}, S. and {Cavillot}, J. and {Croukamp}, W. and {Ely}, J.~A. and {Gessey-Jones}, T. and {Gueuning}, Q. and {Hills}, R. and {Kulkarni}, G. and {Maiolino}, R. and {Meerburg}, P.~D. and {Mittal}, S. and {Pritchard}, J.~R. and {Puchwein}, E. and {Saxena}, A. and {Shen}, E. and {Smirnov}, O. and {Spinelli}, M. and {Zarb-Adami}, K.},
    title = "{The REACH radiometer for detecting the 21-cm hydrogen signal from redshift z {\ensuremath{\approx}} 7.5-28}",
    journal = {Nature Astronomy},
    year = 2022,
    month = jul,
    volume = {6},
    pages = {984-998},
}

@article{theory_models,
    author = {{Cohen}, Aviad and {Fialkov}, Anastasia and {Barkana}, Rennan and {Lotem}, Matan},
    title = "{Charting the parameter space of the global 21-cm signal}",
    journal = {Monthly Notices of the Royal Astronomical Society},
    year = 2017,
    month = dec,
    volume = {472},
    number = {2},
    pages = {1915-1931},
}

@article{bb_interpret,
    author = {{Zhang}, Yu and {Ti{\v{n}}o}, Peter and {Leonardis}, Ale{\v{s}} and {Tang}, Ke},
    title = "{A Survey on Neural Network Interpretability}",
    journal = {IEEE Transactions on Emerging Topics in Computational Intelligence},
    year = 2021,
    month = oct,
    pages = {729-742},
    volume = 5,
}

@article{sam_rfi,
    author = {{Leeney}, S.~A.~K. and {Handley}, W.~J. and {de Lera Acedo}, E.},
    title = "{A Bayesian approach to RFI mitigation}",
    journal = {Physical Review D},
    year = 2023,
    month = sept,
    pages = {062006},
    volume = 108,
}

@techreport{hera_rfi,
    author = {{Kohn}, Saul A.},
    title = {The HERA RFI environment},
    institution = {University of Pennsylvania},
    note = {internal memo},
    month = {September},
    year  = {2015},
    url   = {https://reionization.org/wp-content/uploads/2015/01/RFImemo.pdf},
}

@book{karoo_temp,
    title = {Biogeographical Divisions of Southern Africa},
    author = {{Werger}, M.J.A.},
    year = 1978,
    address = {{The Hague}},
    publisher = {W. Junk},
    pages = {231-299},
}

@article{hera_crosstalk,
    author = {{Kern}, Nicholas S. and {Parsons}, Aaron R. and {Dillon}, Joshua S. and {Lanman}, Adam E. and {Liu}, Adrian and {Bull}, Philip and {Ewall-Wice}, Aaron and {Abdurashidova}, Zara and {Aguirre}, James E. and {Alexander}, Paul and {Ali}, Zaki S. and {Balfour}, Yanga and {Beardsley}, Adam P. and {Bernardi}, Gianni and {Bowman}, Judd D. and {Bradley}, Richard F. and {Burba}, Jacob and {Carilli}, Chris L. and {Cheng}, Carina and {DeBoer}, David R. and {Dexter}, Matt and {de Lera Acedo}, Eloy and {Fagnoni}, Nicolas and {Fritz}, Randall and {Furlanetto}, Steve R. and {Glendenning}, Brian and {Gorthi}, Deepthi and {Greig}, Bradley and {Grobbelaar}, Jasper and {Halday}, Ziyaad and {Hazelton}, Bryna J. and {Hewitt}, Jacqueline N. and {Hickish}, Jack and {Jacobs}, Daniel C. and {Julius}, Austin and {Kerrigan}, Joshua and {Kittiwisit}, Piyanat and {Kohn}, Saul A. and {Kolopanis}, Matthew and {La Plante}, Paul and {Lekalake}, Telalo and {MacMahon}, David and {Malan}, Lourence and {Malgas}, Cresshim and {Maree}, Matthys and {Martinot}, Zachary E. and {Matsetela}, Eunice and {Mesinger}, Andrei and {Molewa}, Mathakane and {Morales}, Miguel F. and {Mosiane}, Tshegofalang and {Murray}, Steven G. and {Neben}, Abraham R. and {Parsons}, Aaron R. and {Patra}, Nipanjana and {Pieterse}, Samantha and {Pober}, Jonathan C. and {Razavi-Ghods}, Nima and {Ringuette}, Jon and {Robnett}, James and {Rosie}, Kathryn and {Sims}, Peter and {Smith}, Craig and {Syce}, Angelo and {Thyagarajan}, Nithyanandan and {Williams}, Peter K.~G. and {Zheng}, Haoxuan},
    title = "{Mitigating Internal Instrument Coupling for 21 cm Cosmology. II. A Method Demonstration with the Hydrogen Epoch of Reionization Array}",
    journal = {The Astrophysical Journal},
    year = 2020,
    month = jan,
    volume = {888},
    number = {2},
    pages = {70},
}

@article{dom_antenna,
    author = {{Anstey}, Dominic and {Cumner}, John and {de Lera Acedo}, Eloy and {Handley}, Will},
    title = "{Informing antenna design for sky-averaged 21-cm experiments using a simulated Bayesian data analysis pipeline}",
    journal = {Monthly Notices of the Royal Astronomical Society},
    year = 2022,
    month = feb,
    volume = {509},
    number = {4},
    pages = {4679-4693},
}

@article{john_antenna,
    author = {{Cumner}, J. and {de Lera Acedo}, E. and {de Villiers}, D.~I.~L. and {Anstey}, D. and {Kolitsidas}, C.~I. and {Gurdon}, B. and {Fagnoni}, N. and {Alexander}, P. and {Bernardi}, G. and {Bevins}, H.~T.~J. and {Carey}, S. and {Cavillot}, J. and {Chiello}, R. and {Craeye}, C. and {Croukamp}, W. and {Ely}, J.~A. and {Fialkov}, A. and {Gessey-Jones}, T. and {Gueuning}, Q. and {Handley}, W. and {Hills}, R. and {Josaitis}, A.~T. and {Kulkarni}, G. and {Magro}, A. and {Maiolino}, R. and {Meerburg}, P.~D. and {Mittal}, S. and {Pritchard}, J.~R. and {Puchwein}, E. and {Razavi-Ghods}, N. and {Roque}, I.~L.~V. and {Saxena}, A. and {Scheutwinkel}, K.~H. and {Shen}, E. and {Sims}, P.~H. and {Smirnov}, O. and {Spinelli}, M. and {Zarb-Adami}, K.},
    title = "{Radio Antenna Design for Sky-Averaged 21cm Cosmology Experiments: The REACH Case}",
    journal = {Journal of Astronomical Instrumentation},
    year = 2022,
    month = jan,
    volume = {11},
    number = {1},
    pages = {2250001-2058},
}

@article{edges_star_formation,
    author = {{Mirocha}, Jordan and {Furlanetto}, Steven R.},
    title = "{What does the first highly redshifted 21-cm detection tell us about early galaxies?}",
    journal = {Monthly Notices of the Royal Astronomical Society},
    year = 2019,
    month = feb,
    volume = {483},
    number = {2},
    pages = {1980-1992},
}

@article{ew_radio_background,
    author = {{Ewall-Wice}, A. and {Chang}, T. -C. and {Lazio}, J. and {Dor{\'e}}, O. and {Seiffert}, M. and {Monsalve}, R.~A.},
    title = "{Modeling the Radio Background from the First Black Holes at Cosmic Dawn: Implications for the 21 cm Absorption Amplitude}",
    journal = {The Astrophysical Journal},
    year = 2018,
    month = nov,
    volume = {868},
    number = {1},
    pages = {63},
}

@article{hills_concerns,
    author = {{Hills}, Richard and {Kulkarni}, Girish and {Meerburg}, P. Daniel and {Puchwein}, Ewald},
    title = "{Concerns about modelling of the EDGES data}",
    journal = {Nature},
    year = 2018,
    month = dec,
    volume = {564},
    number = {7736},
    pages = {E32-E34},
}

@article{sims_concerns,
    author = {{Sims}, Peter H. and {Pober}, Jonathan C.},
    title = "{Testing for calibration systematics in the EDGES low-band data using Bayesian model selection}",
    journal = {Monthly Notices of the Royal Astronomical Society},
    year = 2020,
    month = feb,
    volume = {492},
    number = {1},
    pages = {22-38},
}

@article{saras_reject,
    author = {{Singh}, Saurabh and {Jishnu}, Nambissan T. and {Subrahmanyan}, Ravi and {Udaya Shankar}, N. and {Girish}, B.~S. and {Raghunathan}, A. and {Somashekar}, R. and {Srivani}, K.~S. and {Sathyanarayana Rao}, Mayuri},
    title = "{On the detection of a cosmic dawn signal in the radio background}",
    journal = {Nature Astronomy},
    year = 2022,
    month = feb,
    volume = {6},
    pages = {607-617},
}

@article{hera_limits,
    author = {{Abdurashidova}, Zara and {Aguirre}, James E. and {Alexander}, Paul and {Ali}, Zaki S. and {Balfour}, Yanga and {Barkana}, Rennan and {Beardsley}, Adam P. and {Bernardi}, Gianni and {Billings}, Tashalee S. and {Bowman}, Judd D. and {Bradley}, Richard F. and {Bull}, Philip and {Burba}, Jacob and {Carey}, Steve and {Carilli}, Chris L. and {Cheng}, Carina and {DeBoer}, David R. and {Dexter}, Matt and {de Lera Acedo}, Eloy and {Dillon}, Joshua S. and {Ely}, John and {Ewall-Wice}, Aaron and {Fagnoni}, Nicolas and {Fialkov}, Anastasia and {Fritz}, Randall and {Furlanetto}, Steven R. and {Gale-Sides}, Kingsley and {Glendenning}, Brian and {Gorthi}, Deepthi and {Greig}, Bradley and {Grobbelaar}, Jasper and {Halday}, Ziyaad and {Hazelton}, Bryna J. and {Heimersheim}, Stefan and {Hewitt}, Jacqueline N. and {Hickish}, Jack and {Jacobs}, Daniel C. and {Julius}, Austin and {Kern}, Nicholas S. and {Kerrigan}, Joshua and {Kittiwisit}, Piyanat and {Kohn}, Saul A. and {Kolopanis}, Matthew and {Lanman}, Adam and {La Plante}, Paul and {Lekalake}, Telalo and {Lewis}, David and {Liu}, Adrian and {Ma}, Yin-Zhe and {MacMahon}, David and {Malan}, Lourence and {Malgas}, Cresshim and {Maree}, Matthys and {Martinot}, Zachary E. and {Matsetela}, Eunice and {Mesinger}, Andrei and {Mirocha}, Jordan and {Molewa}, Mathakane and {Morales}, Miguel F. and {Mosiane}, Tshegofalang and {Mu{\~n}oz}, Julian B. and {Murray}, Steven G. and {Neben}, Abraham R. and {Nikolic}, Bojan and {Nunhokee}, Chuneeta D. and {Parsons}, Aaron R. and {Patra}, Nipanjana and {Pieterse}, Samantha and {Pober}, Jonathan C. and {Qin}, Yuxiang and {Razavi-Ghods}, Nima and {Reis}, Itamar and {Ringuette}, Jon and {Robnett}, James and {Rosie}, Kathryn and {Santos}, Mario G. and {Sikder}, Sudipta and {Sims}, Peter and {Smith}, Craig and {Syce}, Angelo and {Thyagarajan}, Nithyanandan and {Williams}, Peter K.~G. and {Zheng}, Haoxuan},
    title = "{HERA Phase I Limits on the Cosmic 21 cm Signal: Constraints on Astrophysics and Cosmology during the Epoch of Reionization}",
    journal = {The Astrophysical Journal},
    year = 2022,
    month = jan,
    volume = {924},
    number = {2},
    pages = {51},
}

@article{prizm,
    author = {{Philip}, L. and {Abdurashidova}, Z. and {Chiang}, H.~C. and {Ghazi}, N. and {Gumba}, A. and {Heilgendorff}, H.~M. and {J{\'a}uregui-Garc{\'\i}a}, J.~M. and {Malepe}, K. and {Nunhokee}, C.~D. and {Peterson}, J. and {Sievers}, J.~L. and {Simes}, V. and {Spann}, R.},
    title = "{Probing Radio Intensity at High-Z from Marion: 2017 Instrument}",
    journal = {Journal of Astronomical Instrumentation},
    year = 2019,
    month = jan,
    volume = {8},
    number = {2},
    pages = {1950004},
}

@misc{mist,
    author = {{Monsalve}, R.~A. and {Altamirano}, C. and {Bidula}, V. and {Bustos}, R. and {Bye}, C.~H. and {Chiang}, H.~C. and {Diaz}, M. and {Fernandez}, B. and {Guo}, X. and {Hendricksen}, I. and {Hornecker}, E. and {Lucero}, F. and {Mani}, H. and {McGee}, F. and {Mena}, F.~P. and {Pessoa}, M. and {Prabhakar}, G. and {Restrepo}, O. and {Sievers}, J.~L. and {Thyagarajan}, N.},
    title = "{Mapper of the IGM Spin Temperature (MIST): Instrument Overview}",
    journal = {arXiv e-prints},
    year = 2023,
    month = sep,
    howpublished = {arXiv 2309.02996},
}

@misc{dapper,
    author = {{Burns}, Jack and {Bale}, Stuart and {Bradley}, Richard and {Ahmed}, Z. and {Allen}, S.~W. and {Bowman}, J. and {Furlanetto}, S. and {MacDowall}, R. and {Mirocha}, J. and {Nhan}, B. and {Pivovaroff}, M. and {Pulupa}, M. and {Rapetti}, D. and {Slosar}, A. and {Tauscher}, K.},
    title = "{Global 21-cm Cosmology from the Farside of the Moon}",
    journal = {arXiv e-prints},
    year = 2021,
    month = mar,
    howpublished = {arXiv 2103.05085},
}

@article{edges2008,
    author = {{Bowman}, Judd D. and {Rogers}, Alan E.~E. and {Hewitt}, Jacqueline N.},
    title = "{Toward Empirical Constraints on the Global Redshifted 21 cm Brightness Temperature During the Epoch of Reionization}",
    journal = {The Astrophysical Journal},
    year = 2008,
    month = mar,
    volume = {676},
    number = {1},
    pages = {1-9},
}

@article{edges2010,
    author = {{Bowman}, Judd D. and {Rogers}, Alan E.~E.},
    title = "{A lower limit of {\ensuremath{\Delta}}z>0.06 for the duration of the reionization epoch}",
    journal = {Nature},
    year = 2010,
    month = dec,
    volume = {468},
    number = {7325},
    pages = {796-798},
}

@article{saras2,
    author = {{Singh}, Saurabh and {Subrahmanyan}, Ravi and {Udaya Shankar}, N. and {Sathyanarayana Rao}, Mayuri and {Fialkov}, Anastasia and {Cohen}, Aviad and {Barkana}, Rennan and {Girish}, B.~S. and {Raghunathan}, A. and {Somashekar}, R. and {Srivani}, K.~S.},
    title = "{SARAS 2 Constraints on Global 21 cm Signals from the Epoch of Reionization}",
    journal = {The Astrophysical Journal},
    year = 2018,
    month = may,
    volume = {858},
    number = {1},
    pages = {54},
}

@article{dom_modelling,
    author = {{Anstey}, Dominic and {de Lera Acedo}, Eloy and {Handley}, Will},
    title = "{Use of time dependent data in Bayesian global 21-cm foreground and signal modelling}",
    journal = {Monthly Notices of the Royal Astronomical Society},
    year = 2023,
    month = mar,
    volume = {520},
    number = {1},
    pages = {850-865},
}

@article{maxsmooth,
    author = {{Bevins}, H.~T.~J. and {Handley}, W.~J. and {Fialkov}, A. and {de Lera Acedo}, E. and {Greenhill}, L.~J. and {Price}, D.~C.},
    title = "{MAXSMOOTH: rapid maximally smooth function fitting with applications in Global 21-cm cosmology}",
    journal = {Monthly Notices of the Royal Astronomical Society},
    keywords = {methods: data analysis, dark ages, reionization, first stars, early Universe, Astrophysics - Cosmology and Nongalactic Astrophysics, Astrophysics - Instrumentation and Methods for Astrophysics},
    year = 2021,
    month = apr,
    volume = {502},
    number = {3},
    pages = {4405-4425},
}

@article{meerkat,
    author = {{Jonas}, J.~L.},
    title = "{MeerKAT - The South African Array With Composite Dishes and Wide-Band Single Pixel Feeds}",
    journal = {IEEE Proceedings},
    year = 2009,
    month = aug,
    volume = {97},
    number = {8},
    pages = {1522-1530},
}

@article{tom_crh,
    author = {{Gessey-Jones}, T. and {Fialkov}, A. and {de Lera Acedo}, E. and {Handley}, W.~J. and {Barkana}, R.},
    title = "{Signatures of cosmic ray heating in 21-cm observables}",
    journal = {Monthly Notices of the Royal Astronomical Society},
    year = 2023,
    month = dec,
    volume = {526},
    number = {3},
    pages = {4262-4284},
}

@article{visbal,
    author = {{Visbal}, Eli and {Barkana}, Rennan and {Fialkov}, Anastasia and {Tseliakhovich}, Dmitriy and {Hirata}, Christopher M.},
    title = "{The signature of the first stars in atomic hydrogen at redshift 20}",
    journal = {Nature},
    year = 2012,
    month = June,
    volume = 487,
    pages = {70-73},
}

@article{fialkov_history,
    author = {{Fialkov}, Anastasia and {Barkana}, Rennan and {Pinhas}, Arazi and {Visbal}, Eli},
    title = "{Complete history of the observable 21 cm signal from the first stars during the pre-reionization era}",
    journal = {Monthly Notices of the Royal Astronomical Society},
    year = 2014,
    month = jan,
    volume = {437},
    number = {1},
    pages = {L36-L40},
}

@misc{histTel,
      author = {Shelly Canright and Brian Dunbar},
      year = {2003},
      title = {Telescope History},
      publisher = {National Aeronautics and Space Administration},
      url = {https://www.nasa.gov/audience/forstudents/9-12/features/telescope_feature_912.html},
}

@book{smithObsAst,
   author = "Robert C. Smith",
   title = "Observational Astrophysics",
   year = "1995",
   publisher = "Cambridge University Press",
   address = "Cambridge, England"
}

@article{hudf,
    author = {{Bouwens}, R.~J. and {Illingworth}, G.~D. and {Oesch}, P.~A. and {Stiavelli}, M. and {van Dokkum}, P. and {Trenti}, M. and {Magee}, D. and {Labb{\'e}}, I. and {Franx}, M. and {Carollo}, C.~M. and {Gonzalez}, V.},
    title = "Discovery of z~8 Galaxies in the Hubble Ultra Deep Field from Ultra-Deep WFC3/IR Observations",
    journal = {The Astrophysical Journal Letters},
    year = 2010,
    month = feb,
    volume = {709},
    number = {2},
    pages = {L133-L137},
}

@article{abyss,
    author = {{Borlaff}, Alejandro and {Trujillo}, Ignacio and {Rom{\'a}n}, Javier and {Beckman}, John E. and {Eliche-Moral}, M. Carmen and {Infante-S{\'a}inz}, Ra{\'u}l and {Lumbreras-Calle}, Alejandro and {de Almagro}, Rodrigo Takuro Sato Mart{\'\i}n and {G{\'o}mez-Guijarro}, Carlos and {Cebri{\'a}n}, Mar{\'\i}a and {Dorta}, Antonio and {Cardiel}, Nicol{\'a}s and {Akhlaghi}, Mohammad and {Mart{\'\i}nez-Lombilla}, Cristina},
    title = "{The missing light of the Hubble Ultra Deep Field}",
    journal = {Astronomy \& Astrophysics},
    year = 2019,
    month = jan,
    volume = {621},
    pages = {A133},
}

@book{ryden,
    author = "Barbara Ryden",
    title = "Introduction to Cosmology",
    year = "2002",
    publisher = "Pearson",
}

@book{furPhys,
    title = "The Cosmic 21 Cm Revolution: Charting the First Billion Years of Our Universe",
    author = "Mesinger, A.",
    year = 2020,
    publisher = "Institute of Physics Publishing",
}

@article{21in21,
    author = {Jonathan R. Pritchard and Abraham Loeb},
    title = "{21 cm cosmology in the 21st century}",
    journal = {Reports on Progress in Physics},
    year = 2012,
    month = Jul,
    volume = {75},
}

@book{furProbe,
    title = "Understanding the Epoch of Cosmic Reionization Challenges and Progress",
    author = "Mesinger, A.",
    year = 2016,
    publisher = "Springer International Publishing",
}

@article{liuData,
    author = {{Liu}, Adrian and {Shaw}, J. Richard},
    title = "{Data Analysis for Precision 21 cm Cosmology}",
    journal = {Publications of the Astronomical Society of the Pacific},
    year = 2020,
    month = jun,
    volume = {132},
    number = {1012},
    pages = {062001},
}

@article{lofar,
    author = {{van Haarlem}, M.~P. and others},
    title = "{LOFAR: The LOw-Frequency ARray}",
    journal = {Astronomy \& Astrophysics},
    year = 2013,
    month = aug,
    volume = {556},
    pages = {A2},
}

@article{spinTemp,
    author = {George B. Field},
    title = {The spin temperature of intergalactic neutral hydrogen},
    journal = {The Astrophysical Journal},
    year = 1958,
    month = jul,
    volume = {129},
    pages = {536},
}

@article{wouthuysen,
    author = {{Wouthuysen}, S.~A.},
    title = "{On the excitation mechanism of the 21-cm (radio-frequency) interstellar hydrogen emission line.}",
    journal = {The Astrophysical Journal},
    year = 1952,
    month = jan,
    volume = {57},
    pages = {31-32},
}

@article{field,
    author = {{Field}, George B.},
    title = "{Excitation of the Hydrogen 21-CM Line}",
    journal = {Proceedings of the IRE},
    year = 1958,
    month = jan,
    volume = {46},
    pages = {240-250},
}

@article{bighorns,
    author = {{Sokolowski}, Marcin and {Tremblay}, Steven E. and {Wayth}, Randall B. and {Tingay}, Steven J. and {Clarke}, Nathan and {Roberts}, Paul and {Waterson}, Mark and {Ekers}, Ronald D. and {Hall}, Peter and {Lewis}, Morgan and {Mossammaparast}, Mehran and {Padhi}, Shantanu and {Schlagenhaufer}, Franz and {Sutinjo}, Adrian and {Tickner}, Jonathan},
    title = "{BIGHORNS - Broadband Instrument for Global HydrOgen ReioNisation Signal}",
    journal = {Publications of the Astronomical Society of Australia},
    year = 2015,
    month = feb,
    volume = {32},
    pages = {e004},
}

@article{leda,
    title = {Design and characterization of the Large-aperture Experiment to Detect the Dark Age ({LEDA}) radiometer systems},
    author = {Price, D. C. and others},
    journal = {Monthly Notices of the Royal Astronomical Society},
    year = {2018},
    volume = {478},
    number = {3},
}

@article{saras,
    title = {SARAS measurement of the Radio Background at long wavelengths},
    author = {Patra, N. and Subrahmanyan, R. and Sethi, S. and Shankar, N. U. and Raghunathan, A.},
    journal = {The Astrophysical Journal},
    year = {2015},
    volume = {801},
    number = {2},
}

@article{scihi,
    author = {{Voytek}, Tabitha C. and {Natarajan}, Aravind and {J{\'a}uregui Garc{\'\i}a}, Jos{\'e} Miguel and {Peterson}, Jeffrey B. and {L{\'o}pez-Cruz}, Omar},
    title = "{Probing the Dark Ages at z \raisebox{-0.5ex}\textasciitilde 20: The SCI-HI 21 cm All-sky Spectrum Experiment}",
    journal = {The Astrophysical Journal},
    year = 2014,
    month = feb,
    volume = {782},
    number = {1},
    pages = {L9},
}

@misc{paper,
    title = {The Precision Array for Probing the Epoch of Reionization: 8 Station Results},
    author = {Parsons, A. R. and others},
    year = {2010},
    howpublished = {arXiv 0904.2334},
}

@article{cosmic_signature,
    author = {{Pritchard}, Jonathan and {Loeb}, Abraham},
    title = "{Cosmology: Hydrogen was not ionized abruptly}",
    journal = {Nature},
    year = 2010,
    month = dec,
    volume = {468},
    number = {7325},
    pages = {772-773},
}

